2962 5010
665 380 840 447 ..⁸21-

267 611 409 680 Addere
432 614 546 700 placet
570 612 684 695 3655:
719 615 781 677 ἀλλ’
805 613 887 700 ηνίκα
912 617 961 676 τὸν
983 614 1080 699 μεήαν
1104 615 1217 677 ταντιτνί
1240 614 1343 676 στιίλιτν

149 831 278 895 πάντων
303 831 390 894 είπείν
413 831 467 893 ινλκ
495 829 710 914 αἶπειλιὺτιιτμεν;
746 827 782 891 αἳ
804 831 860 891 καί
883 830 920 890 rh
944 829 1156 892 τελενταῖαν
1180 829 1261 914 περὶ
1285 832 1344 915 της

152 942 403 1025 παρασκευῆς
440 939 551 1026 αὐτῆς
587 937 783 1025 ἐκκλησίαν
830 940 1036 1013 ποιοῦντες,
1083 933 1344 1022 παρελιλιίντας

156 1044 290 1109 Νικίαν
314 1046 375 1107 καλ
399 1045 501 1108 πάλιν
525 1043 780 1126 α’ντιλέηιιντας
801 1044 837 1115 ἐξ
854 1044 951 1131 ἀρχῆς
972 1042 1080 1130 operior
1097 1042 1178 1105 ταῦτ’
1201 1043 1279 1128 ἅπερ
1295 1044 1343 1104 καὶ

156 1156 209 1216 νῦν
235 1152 268 1216 ἐν
292 1156 352 1228 ταῖς
375 1153 551 1239 γράμμασιν,
583 1154 626 1227 ὡς
653 1152 672 1238 η
704 1149 854 1214 Σικελία
884 1149 995 1236 πολλὴ
1024 1151 1080 1213 καὶ
1103 1148 1188 1214 odra
1211 1149 1342 1232 λαβεῖν

148 1260 279 1349 ῥᾳδία
313 1258 395 1324 οὔτε
430 1264 646 1348 κατασχεῖν.
681 1260 748 1322 εἰλν
783 1258 860 1345 ἄρα
891 1256 1122 1345 κτησιίμειλα.
1172 1253 1341 1322 Contione

153 1385 281 1433 rursus
316 1362 358 1432 de
388 1364 499 1431 classe
532 1361 734 1430 exornanda
761 1361 915 1449 bellique
945 1367 1115 1448 apparatu
1144 1367 1342 1428 convocata

157 1473 276 1538 denno
303 1470 438 1537 Niciam
463 1475 502 1536 ut
530 1471 754 1556 aproposito
779 1471 874 1536 cives
898 1474 1072 1535 revocaret
1095 1468 1131 1535 in
1159 1467 1339 1554 publicum

154 1579 374 1666 processisse
397 1578 505 1644 tradit
528 1575 555 1644 Τ
557 1575 636 1643 hur.
666 1575 712 1642 VI
737 1574 805 1664 8‚3:
832 1578 910 1663 μετὰ
935 1579 969 1640 dd
993 1582 1079 1640 ταῦτα
1106 1578 1204 1666 ᾑμέρᾳ
1229 1578 1340 1664 πέμπτη

155 1688 342 1776 ἐκκλησία
365 1686 476 1763 αὖθις
497 1687 684 1769 ἐγίγνετο.
710 1686 795 1750 καθ’
820 1688 841 1747 ὅ
862 1710 891 1749 τι
910 1687 984 1775 χρὴ
1020 1687 1083 1772 την
1107 1686 1341 1772 παρασκευὴν

156 1801 244 1872 ταῖς
258 1796 362 1859 νανσί
379 1796 530 1883 τάχιστα
549 1792 738 1875 η’ίκνεσιλαι
754 1794 811 1855 κτλ.
848 1795 904 1855 καί
919 1795 936 1852 d
956 1792 1130 1868 λἰκίας-
1146 1792 1341 1878 παρελθὼν

155 1906 229 1968 ιὶπιι
239 1903 372 1990 τρέψαι
407 1902 589 1984 ἐβούλετο
625 1904 672 1964 καί
707 1897 830 1988 παρῄνει
866 1905 926 1976 ταῖς
949 1894 1110 1987 ἰλιληνιιίαις
1140 1898 1250 1962 ταιιίιλε.
1298 1896 1339 1964 ln

155 2012 240 2097 ipsa
262 2015 379 2077 autem
397 2010 557 2076 contione
575 2030 654 2075 cum
671 2007 846 2075 dicentem
870 2008 953 2075 iacit
977 2006 1041 2090 (Vi
1058 2008 1127 2090 aa)
1154 2009 1337 2074 docturum

157 2137 198 2184 se
237 2117 333 2183 rives
368 2102 633 2203 praeproperam
669 2136 746 2183 csse
782 2112 1052 2195 festinationem,
1091 2135 1201 2201 neque
1238 2112 1338 2181 iaeiie

155 2223 312 2292 obtineri
335 2243 437 2310 posse
454 2243 506 2311 ea,
523 2221 568 2290 ad
592 2243 680 2308 quac
704 2220 965 2290 contenderent:
992 2227 1034 2300 ὡς
1054 2224 1088 2287 oe
1104 2223 1172 2287 ινλτε
1197 2225 1227 2287 ἐν
1244 2227 1340 2309 carpo)

156 2331 304 2396 σπεύδετε
339 2331 425 2396 οὔτε
455 2330 576 2420 Added
609 2333 684 2395 ἐστι
720 2334 919 2419 κατασχεῖν
949 2333 996 2416 ἐφ’
1021 2332 1040 2393 d
1064 2331 1221 2418 ὦρμησιλε.
1247 2334 1338 2393 ταῦτα

158 2439 287 2512 διδάξω.
334 2443 439 2524 atquo
477 2439 514 2505 in
554 2438 703 2523 epistola
742 2435 862 2504 Niciae
902 2457 923 2505 a
961 2434 1167 2522 Thucydide
1208 2436 1339 2503 tradita

156 2545 641 2634 1ηνεττ1ιττττιττ·νετλτττιτσλλη
674 2547 701 2609 δ’
736 2549 754 2634 η
779 2545 906 2619 Σικελία,
940 2566 1030 2630 quae
1061 2542 1230 2610 Aristides
1256 2544 1339 2610 dicit

155 2654 196 2720 in
221 2652 348 2719 litteris
383 2653 457 2719 eius
483 2657 628 2718 exstare.
682 2650 830 2718 Accedit
859 2649 952 2736 quod
981 2671 1095 2735 nequo
1131 2647 1338 2715 i'intmcims

156 2780 276 2846 neque
312 2757 489 2826 Diodorus
525 2758 595 2825 tale
632 2757 824 2843 quidquam
860 2757 896 2823 in
932 2757 1057 2824 litteris
1096 2755 1214 2822 Niciae
1244 2777 1336 2821 eom-

156 2871 357 2934 mcmerant
391 2887 504 2953 neque
538 2867 680 2933 iteratae
716 2867 887 2932 contionis
923 2863 1096 2932 Diodoms
1125 2866 1336 2930 mentionem

156 2976 253 3043 facit.
312 2971 431 3041 Primo
466 2976 575 3056 igitur
610 2973 735 3041 obtutu
765 2978 919 3060 apparet,
955 2973 1219 3039 consensionem
1250 2973 1338 3037 inter

157 3079 355 3150 Aristidem
390 3087 423 3148 et
457 3077 703 3168 Thucydidem
739 3101 815 3147 esse
849 3078 966 3161 talem,
1002 3086 1041 3145 ut
1065 3080 1125 3145 vix
1151 3099 1225 3145 eom
1253 3098 1337 3145 casu

156 3186 326 3257 iueidisse
348 3186 412 3255 tibi
437 3186 660 3272 persuadeas

250 3293 350 3362 Idem
381 3314 425 3363 ex
458 3296 717 3382 comparatione
746 3292 964 3379 Thucydidis
994 3293 1145 3360 efficitur
1169 3293 1237 3360 aiio
1260 3291 1336 3360 ioco

156 3401 245 3469 huio
268 3399 457 3489 simillimo,
493 3401 607 3485 3725:
645 3404 707 3466 ἀλλ’
740 3405 767 3467 εἰ
797 3404 923 3490 προσδεῖ
948 3407 1009 3478 ταῖς
1030 3404 1090 3466 ἐκεῖ
1111 3401 1267 3489 βαηιλείας.
1295 3439 1335 3448 -

158 3511 282 3596 πέμπειν
304 3513 366 3598 ἥτις
383 3512 501 3600 μετρία.
539 3513 585 3574 καί
609 3514 673 3587 :dg
705 3536 741 3575 τε
777 3517 865 3587 ναῦς
887 3513 953 3588 τὰς
981 3511 1213 3600 ιλιαβριίχανς
1234 3510 1337 3574 ίᾶσιλαι

157 3623 225 3694 ταῖς
239 3617 404 3707 ιλιαὸαχαῑς.
422 3621 458 3682 αἳ
481 3620 703 3707 παρέξουσιν
726 3621 861 3708 σχολὴν
884 3620 1093 3707 ἀναψύχειν
1110 3620 1168 3680 κτλ.
1194 3614 1337 3701 quibus-

158 3744 240 3791 cum
266 3722 423 3791 conieras
448 3744 589 3809 (lasese,
615 3743 704 3808 (luae
729 3743 771 3789 ex
795 3722 905 3791 Thur.
933 3721 1000 3790 VH
1028 3723 1100 3802 123
1126 3720 1336 3788 adscribam:

157 3838 209 3897 νῦν
234 3832 269 3896 δὲ
293 3831 333 3896 αἵ
352 3837 439 3921 νῆες
467 3834 673 3922 ιλιιίβριιχαι
704 3838 844 3896 τιισιτῦτιιν
863 3833 975 3921 χρόνον
1006 3831 1063 3919 ηἰλη
1088 3830 1336 3895 ιλιιλασσειίιτνσαι.

157 3943 208 4005 καί
242 3941 279 4002 τιλ
316 3941 499 4026 πληρώματα
534 3938 695 4026 ἔψιλαρται.
748 3940 816 4014 'lug
844 3939 911 4023 μὲν
948 3939 1017 4025 μὰρ
1048 3941 1132 4013 ναῦς
1158 3939 1221 4000 ινλκ
1243 3934 1337 3999 ἔστιν

156 4047 377 4122 ιλνελκύσαντας
398 4047 542 4130 ιλιαψῦξ
546 4072 581 4109 ιιι
605 4047 654 4109 ded
671 4049 703 4109 τὺ
720 4047 895 4121 α’ντιπιίλσνς
914 4048 957 4130 τῷ
974 4044 1078 4131 πληιλει
1095 4045 1142 4107 καί
1165 4041 1206 4107 ἔτι
1223 4042 1339 4119 τελείαις

157 4157 214 4231 τὰς
237 4159 295 4217 τῶν
318 4154 463 4240 πολεμίων
486 4153 578 4229 ινίσας
600 4155 646 4218 ded
670 4152 850 4240 πιτιτσιλιτκίαν
874 4151 1014 4240 παρέχειν
1044 4155 1086 4227 ὡς
1107 4153 1335 4215 ἐπιπλεὺσιτνται.

157 4260 262 4342 (triae
279 4279 321 4326 ex
337 4258 493 4326 Aristide
517 4259 630 4338 attuli,
649 4266 719 4326 tam
736 4258 824 4324 bene
846 4258 1021 4344 quadrant
1037 4254 1082 4324 ad
1105 4256 1196 4324 hane
1216 4255 1336 4323 Niciae

157 4366 358 4456 epistolam,
383 4372 421 4433 nt
436 4388 497 4454 pro
515 4372 605 4435 certo
623 4366 817 4436 Aristidem
835 4386 877 4433 ex
895 4386 935 4432 ea
950 4364 1113 4434 hausisse
1138 4363 1249 4434 dicere
1265 4383 1336 4433 nen

159 4473 332 4543 dubitem.
