2962 5010
658 325 834 398 -ro-

152 581 304 643 summa,
340 583 384 628 ne
420 563 534 628 diram
570 563 790 648 ineptissima
825 565 991 643 munione
1016 560 1060 631 ad
1084 557 1331 635 Demosthenis

154 670 357 754 exemplum
383 689 481 734 suam
509 668 674 747 formasse
699 676 837 737 constat
861 670 1106 751 elocutionem,
1132 694 1237 758 ouem
1261 696 1331 740 non

152 796 208 840 res
235 777 348 841 solum
374 777 433 840 sed
452 777 529 861 ipsa
547 777 653 842 rerba
670 779 873 866 saepissime
896 785 1042 864 apparet
1066 801 1107 844 ex
1125 779 1332 866 Thucydide

151 881 330 968 hausisse,
366 904 443 948 curn
477 882 585 950 fuisse
611 886 670 969 qui
695 905 756 951 suo
783 885 925 951 arbitrie
950 893 1146 972 temporum
1173 889 1330 954 ordinem

153 1011 174 1054 a
199 989 426 1075 scriptoribus
450 993 617 1057 traditum
643 992 805 1058 omnibus
830 1002 1069 1079 perrumperet
1094 994 1330 1061 Seliuartuius

151 1117 210 1162 mc
224 1094 345 1162 decuit
359 1098 522 1178 aragister·
536 1096 765 1164 doctissimus.
808 1098 879 1165 Sed
897 1098 1002 1166 ahum
1021 1099 1078 1166 hic
1096 1099 1162 1166 sibi
1180 1103 1332 1185 sumpsit

153 1201 282 1268 ducem
313 1210 346 1268 et
375 1210 562 1270 auctorem.
618 1203 768 1271 Exstant
799 1207 888 1271 onim
923 1208 991 1273 due
1026 1214 1177 1273 emtores
1211 1208 1331 1290 Attici,

151 1310 344 1376 Isocratem
382 1309 457 1376 dice
496 1318 529 1376 et
565 1310 789 1390 Aeschinem,
825 1314 883 1397 qui
920 1312 1065 1378 lieeelea
1103 1312 1146 1378 ab
1171 1313 1331 1381 hostibus

151 1418 294 1483 munita
330 1414 501 1482 infelicem
539 1414 636 1482 illam
672 1419 927 1503 expeditionem
967 1418 1011 1485 ab
1052 1419 1330 1487 Atheniensibus

154 1530 356 1609 susceptam
376 1545 450 1590 esse
468 1524 625 1590 referunt.
675 1524 840 1591 Centoras
858 1528 884 1591 si
900 1526 1015 1611 placet
1031 1525 1131 1594 Isocr.
1150 1526 1235 1594 VllI
1251 1533 1332 1616 (περὶ

153 1635 286 1721 εἰρήνης)
311 1632 365 1710 84,
392 1631 449 1697 ubi
476 1631 561 1698 hacc
585 1632 763 1713 leguntur:
797 1637 838 1709 εἰς
861 1640 945 1697 τοῦτο
977 1637 1035 1721 γὰρ
1065 1637 1245 1724 κατέστησαν
1275 1643 1331 1699 τῶν

148 1743 206 1826 μὲν
224 1741 337 1803 οίκείων
354 1740 500 1824 ιήιιελείας.
519 1747 576 1802 τῶν
593 1742 619 1801 d'
638 1741 799 1825 οῗλλοτρίων
816 1741 979 1825 ἐπιίίηαίας.
997 1743 1074 1804 ὥστε
1092 1742 1331 1826 ιίικκειλιιηιιιινίιινν

152 1849 392 1934 εἰσβεβληκότων
421 1850 463 1922 εἰς
492 1850 541 1933 τήν
568 1851 676 1936 χώραν
705 1852 751 1910 καί
776 1854 826 1911 τοῦ
852 1850 965 1937 τείχονς
986 1849 1043 1937 ήιλη
1075 1854 1124 1911 τοῦ
1149 1851 1331 1914 ,ίεκελειιλσιν

151 1955 312 2043 ἑστηκότος
334 1956 376 2029 εἷς
391 1953 523 2017 Σικελίαν
548 1956 676 2041 τριήρεις
698 1957 851 2040 ἐπλήρονν,
876 1958 922 2017 καί
945 1957 999 2018 οὐκ
1021 1952 1181 2043 ᾐσχύνοντο
1206 1958 1255 2042 τήν
1275 1958 1330 2040 μὲν

154 2063 285 2148 πιιηιιίιλιι
302 2062 477 2148 τεμνομένην
494 2065 540 2124 καί
564 2063 771 2150 ποριλωιμένην
796 2070 1001 2150 περιοοωντες.
1027 2065 1071 2126 ἐπί
1095 2064 1129 2125 δέ
1154 2065 1222 2138 τοὺς
1243 2065 1330 2126 οὐδὲν

153 2173 267 2232 πώποτ’
281 2171 321 2244 είς
331 2172 409 2256 ήμιλς
419 2173 640 2256 {gnorare-arag
650 2175 790 2256 στρατιὰν
801 2173 995 2256 ἐκπέμποντες
1006 2175 1062 2234 κτλ.
1078 2175 1110 2235 ei
1121 2168 1287 2236 Aeschin.
1298 2169 1330 2234 ll

152 2277 240 2362 (περί
254 2278 511 2363 παραπρεσβείας)
537 2276 597 2342 ίίὶῑ
623 2280 673 2364 τήν
691 2280 717 2338 d’
734 2281 775 2353 εἰς
791 2278 924 2341 Σικελίαν
940 2279 1097 2363 στρατείαν
1114 2279 1328 2363 ᾳνλιίττεσίλαι.

153 2388 189 2472 ’ήν
213 2384 380 2468 ἐξέπεμψαν
411 2384 573 2458 λεοντίνοις
599 2385 804 2470 βοηθήσοντες
833 2390 889 2446 των
925 2384 1069 2467 πολεμίων
1102 2385 1330 2471 ἐσβεβληκότων

153 2493 196 2567 εἷς
220 2493 269 2578 τήν
288 2494 396 2580 χώραν
427 2495 509 2578 ήμῶν
533 2494 579 2553 καί
609 2492 762 2566 Δεκελείας
793 2493 1051 2581 ἐπιτετειχισμένης
1073 2531 1124 2552 -—.
1172 2490 1329 2570 Quorum

152 2604 273 2663 utrum
307 2603 446 2663 secutus
482 2599 529 2663 sit
553 2603 728 2663 auctorem
762 2595 948 2676 Aristides,
985 2595 1167 2662 diiudicari
1197 2598 1329 2680 nequit

151 2726 234 2772 cum
265 2712 299 2771 ot
332 2704 520 2770 Isocratem
553 2711 585 2770 ot
616 2702 825 2771 Aeschinem
860 2703 1058 2771 adhibitum
1095 2703 1138 2769 ab
1175 2725 1212 2769 eo
1250 2723 1325 2768 esse

152 2819 298 2879 constet.
346 2810 421 2879 Hoc
450 2817 565 2878 autem
596 2833 657 2897 pro
692 2819 784 2878 certe
810 2817 971 2887 statuam,
999 2818 1059 2878 aut
1082 2811 1244 2876 Isocratis
1269 2816 1329 2875 aut

151 2920 344 2987 Aeschinis
378 2917 537 3004 exemplo
574 2925 784 2985 commotum
821 2917 1017 2999 neglexisse
1051 2939 1128 2983 cum
1164 2917 1329 2983 historiae

151 3027 268 3094 fidem.
318 3028 437 3113 Atque
455 3028 598 3093 consilio
615 3027 682 3093 hoc
706 3027 787 3093 fecit
804 3027 987 3093 Aristides
1036 3026 1077 3091 rn
1103 3027 1211 3092 altera
1235 3027 1327 3091 onim

150 3137 312 3201 suasoria
325 3135 538 3201 calamitates
552 3135 629 3199 ilias
643 3155 729 3219 quas
744 3133 892 3200 Deceloa
904 3136 1042 3200 munita
1058 3132 1328 3200 Atheniensium

151 3243 199 3308 rei
226 3240 388 3328 publicae
414 3241 528 3308 illatas
553 3264 629 3309 esse
662 3248 799 3308 constat
823 3243 1052 3323 gravissimas
1077 3243 1266 3326 praedicat,
1290 3248 1328 3306 ut

150 3348 312 3415 subsidia
338 3349 455 3415 Niciae
490 3349 646 3415 submitti
679 3352 892 3428 dissuadeat
927 3351 962 3415 in
999 3349 1108 3415 altera
1144 3346 1270 3413 callida
1295 3355 1328 3413 et

151 3455 295 3524 acutula
311 3460 611 3538 argumentatione
627 3463 767 3542 paratas
785 3478 804 3523 a
822 3478 859 3524 se
875 3459 950 3542 ipse
970 3455 1086 3523 studet
1103 3453 1328 3522 difficultates

151 3566 311 3645 frangere
336 3569 368 3629 et
393 3562 583 3630 debilitare.

261 3669 540 3755 Complectamur
557 3692 645 3754 (puae
663 3670 778 3736 adhue
796 3672 972 3755 disputata
990 3675 1086 3735 sunt:
1113 3690 1327 3754 ‹piarnquam

153 3777 321 3846 iudicium
346 3784 502 3843 nostrum
540 3779 582 3843 de
607 3778 755 3859 singulis
792 3784 959 3843 nontam
987 3783 1118 3844 eertum
1145 3783 1197 3842 est
1221 3797 1326 3860 cluam

151 3894 326 3974 optamus
364 3890 480 3950 tamen
517 3886 603 3950 satis
644 3883 754 3950 multa
795 3892 954 3950 constare
996 3885 1174 3962 videntur,
1213 3887 1252 3948 ut
1290 3883 1327 3947 in

150 3994 360 4059 uniuersum
384 4011 456 4057 rem
486 3990 727 4076 spectantibus
752 3989 852 4056 nobis
886 3991 1081 4056 timendum
1108 3989 1258 4076 nonsit,
1284 4009 1327 4052 ne

149 4099 397 4182 Timeydidem
433 4119 475 4164 ex
511 4098 671 4165 omnibus
706 4100 814 4164 fuisse
851 4096 997 4166 Aristidi
1034 4104 1211 4163 auctmem
1246 4115 1326 4178 gra-

149 4207 338 4274 vissimum
366 4204 454 4273 falso
485 4206 687 4271 iudicemus.
740 4204 797 4270 Ab
830 4205 922 4271 emni
957 4210 1073 4269 autem
1104 4209 1200 4288 parte
1232 4204 1324 4286 quod

149 4315 317 4403 ponimus
352 4320 389 4379 ut
414 4312 580 4389 firmetur,
617 4313 937 4397 circumspiciamus
971 4332 1055 4377 num
1094 4311 1326 4386 inveniantur,

1222 4433 1255 4483 2*
