2962 5010
611 342 785 411 -23„-

218 575 332 642 Simili
357 574 458 642 modo
482 575 592 642 Thur.
618 573 685 640 Vll
714 574 790 662 283
814 574 1055 642 Athenienses
1080 596 1120 641 ea
1143 575 1286 660 potissi-

110 703 206 748 mum
222 703 408 770 repressos
426 703 501 750 esse
515 683 610 762 dicit,
629 683 722 767 quod
741 684 808 748 duo
826 680 920 748 bella
936 682 1040 748 simul
1058 677 1286 762 sustinerent;

111 811 193 854 nam
211 810 268 855 eos
285 811 304 856 a
320 789 586 875 Peloponnesiis
604 790 849 856 circumsessos
873 796 1051 857 tamenne
1076 791 1126 857 sic
1144 787 1286 876 quidem

111 917 155 962 ex
168 895 288 963 Sicilia
302 895 502 977 decessisse,
520 895 583 963 sed
599 896 670 963 illic
687 898 807 962 eodem
823 898 926 963 modo
941 897 1096 963 vicissim
1108 896 1285 964 obsedisse

111 1003 317 1088 Syracusas,
353 1002 472 1069 urbem
505 1004 616 1088 ipsam
653 1023 714 1088 per
748 1023 784 1068 se
819 1001 970 1069 Athenis
1004 1023 1073 1070 non
1104 1004 1282 1071 minorem.

112 1110 249 1191 Quibus
287 1132 328 1176 ex
361 1110 447 1178 loeis
483 1112 575 1177 inter
609 1132 646 1178 se
677 1110 888 1196 comparatis
912 1108 978 1177 hoc
1003 1111 1142 1177 videtur
1166 1111 1285 1196 aliqua

112 1239 192 1284 eum
224 1216 472 1304 probabilitate
505 1215 667 1283 concludi
692 1237 805 1303 posse,
840 1222 880 1282 ut
904 1217 1108 1303 saepissime
1143 1219 1193 1284 ita
1227 1216 1285 1284 hic

112 1348 226 1410 ‹prcue
251 1347 293 1392 cx
316 1325 521 1410 Thucydide
546 1345 611 1391 sua
634 1331 834 1390 mutuatum
859 1344 933 1391 csse
959 1325 1160 1392 Aristidem.

217 1431 339 1519 386?AE
363 1435 431 1496 cide.
451 1435 506 1518 μὲν
532 1435 590 1519 γὰρ
614 1436 655 1508 εἰς
678 1434 833 1496 certabas
857 1433 926 1496 καθ’
951 1436 1029 1520 ’ἱρὰς
1050 1435 1288 1520 στρατεύσαντας

111 1543 184 1626 ὑπὲρ
211 1548 266 1603 τῶν
288 1538 424 1626 ‘'thrace-co
449 1541 640 1626 ττντνῑγίτίτιαν,
665 1543 708 1616 ὡς
730 1541 765 1603 αὑ
783 1541 964 1628 τααύχτὺρει.
990 1542 1073 1602 πάλιν
1085 1544 1151 1624 μετ’
1175 1539 1286 1604 ἐκείνου

110 1649 193 1732 δεῦρ’
211 1647 463 1733 ἀναστρέψαντας.
511 1643 605 1711 Haec
621 1651 782 1731 spectant
799 1644 843 1711 ad
855 1644 962 1710 Thue.
982 1644 998 1712 I
1019 1646 1095 1712 111:
1115 1644 1285 1726 Orestem,

110 1752 361 1818 Echecratidac
407 1750 653 1818 Thessalorum
700 1754 792 1836 regis
839 1751 963 1832 filium,
1015 1773 1058 1818 ex
1103 1751 1285 1820 Thessalia

111 1857 296 1944 prologum
337 1857 615 1925 Atheniensibus
653 1859 880 1944 persuasisse,
920 1865 958 1924 ut
996 1880 1034 1926 se
1073 1861 1282 1926 reducerent.

110 1964 182 2031 Nec
218 1985 300 2030 vero
338 1986 395 2032 eos
431 1972 595 2051 suscepta
630 1964 799 2043 adversus
824 1965 1032 2033 Pharsalum
1065 1968 1285 2052 expeditione

109 2071 231 2138 urbem
256 2091 487 2156 expugnasse,
522 2092 635 2157 neque
672 2073 768 2139 aliod
804 2073 993 2158 quicquam
1017 2094 1181 2159 prospere
1205 2094 1284 2141 sue-

111 2179 266 2267 cessisse,
291 2174 447 2245 seduna
471 2199 549 2244 cum
574 2178 694 2245 Oreste
718 2181 850 2246 redisse
875 2200 910 2245 ro
934 2178 1102 2262 infecta')

164 2294 167 2298 ’
207 2285 357 2378 ¹Agmen
394 2284 534 2350 claudat
569 2284 683 2364 374,1;
721 2289 767 2349 καί
802 2293 859 2350 τῶν
889 2288 945 2371 μὲν
980 2294 1155 2375 στρατηγῶν
1189 2291 1285 2376 φυγὴν

109 2394 296 2477 κατέγνωρεν
327 2391 518 2478 llor‘lmicipoo
549 2393 596 2454 καί
621 2391 819 2477 ὲίνρακλέσας,
854 2395 900 2456 καί
930 2396 988 2456 τὸν
1012 2394 1137 2480 τρίταν
1160 2397 1284 2458 αὐτῶν

104 2502 281 2589 χρήματα
305 2499 569 2586 ἐπραξτίρετία,
595 2501 638 2563 ὅτι
654 2500 840 2586 ἀνέστρεψαν
864 2501 897 2562 ἐν.
918 2499 1052 2576 Σικελίας
1073 2505 1120 2564 καί
1143 2503 1284 2590 αετέσχαν

109 2613 166 2670 τῶν
189 2609 252 2670 ἐκεῖ
271 2607 415 2669 σπονδῶν.
465 2602 580 2685 Quam
604 2609 676 2670 arte
699 2603 766 2670 hac
790 2605 828 2670 in
852 2625 888 2670 re
912 2607 1088 2672 narranda
1104 2605 1284 2692 Thucydi-

110 2716 163 2780 dis
181 2715 329 2796 vestigia
341 2714 516 2800 presserit,
533 2713 643 2798 ipsius
660 2711 765 2779 verba
783 2713 992 2778 documento
1011 2714 1082 2779 sint
1098 2711 1163 2790 (IV
1176 2713 1282 2796 65‚3l:

108 2823 250 2898 ἐλθόντας
272 2824 306 2885 δὲ
330 2824 397 2898 τσὺς
411 2823 596 2911 στρατηγοὺς
617 2825 644 2885 αἱ
667 2824 698 2885 ἐν
722 2847 755 2910 sp
773 2823 853 2886 πόλει
874 2819 1020 2909 Ἀθηναῖοι
1045 2824 1112 2898 τοὺς
1135 2825 1186 2886 αὲν
1202 2827 1282 2910 φυγῇ

108 2932 281 3018 ἐξῃρίωσαν,
306 2931 497 3017 Ιῦντίτίότασαν
520 2932 567 2993 καί
584 2930 751 3016 ὲίνρακλέα,
777 2934 838 2993 τὸν
862 2930 903 2992 δὲ
927 2929 1048 3015 τρίταν
1075 2930 1283 3016 Εὐρυμέδοντα

103 3040 205 3127 χρῆν
215 3063 281 3101 ατα
298 3040 436 3126 ἔπραξα
446 3063 522 3112 ντα,
540 3043 583 3115 ὡς
597 3040 662 3111 ἐξὸν
675 3040 774 3114 αὐταῖς
788 3039 824 3100 τὰ
841 3038 872 3100 ἐν
885 3035 1002 3124 Σικελία
1019 3038 1284 3124 κατασφέᾷασνίαι

108 3147 220 3232 δώροις
253 3146 423 3222 πεισθέντες
454 3148 692 3235 τὶτινχωρήσειαν.
753 3144 929 3210 Diodorus
969 3164 1108 3229 prorsus
1144 3143 1282 3210 silentio

106 3253 287 3337 praeteriit
312 3251 467 3333 (Χ1154)
491 3251 780 3318 animadvertisse
797 3249 1036 3317 Athenienses
1060 3252 1181 3317 intres
1206 3249 1282 3317 illos

108 3361 216 3424 duces
241 3379 284 3424 ex
309 3357 431 3425 Sicilia
454 3378 617 3425 reversos.

216 3465 298 3533 dam
333 3469 457 3552 paucis
497 3472 536 3533 ut
571 3466 728 3533 omnium
753 3486 841 3551 quac
865 3465 982 3532 adhuc
1008 3463 1282 3549 disceptavimus

107 3594 281 3640 summam
305 3572 473 3640 faciamus
503 3574 587 3659 quid
622 3573 730 3639 velim
763 3573 875 3658 priore
905 3572 1158 3638 dissertationis
1181 3587 1282 3657 parte

106 3679 380 3747 demonstratum
415 3702 491 3748 esse
516 3680 737 3765 complectar:
773 3681 809 3745 in
832 3680 1018 3746 narrandis
1047 3677 1149 3745 robus
1173 3679 1281 3759 gestis

107 3788 284 3854 Aristides
319 3786 503 3874 permultis
534 3786 620 3853 loeis
655 3785 760 3853 valdo
789 3785 954 3853 abhorret
990 3791 1023 3852 ct
1047 3807 1067 3852 a
1091 3783 1281 3852 Plutarcho

108 3899 141 3961 ct
165 3914 185 3959 a
209 3893 375 3980 Diodoro,
400 3893 606 3978 quibuscum
631 3913 674 3958 nc
698 3913 767 3959 uno
792 3893 935 3977 quidem
956 3892 1030 3958 loco
1046 3891 1096 3959 ita
1112 3892 1281 3975 congruit,

217 4112 241 4190 ¹)
266 4114 349 4171 Thuc
382 4114 394 4171 l
426 4110 972 4196 111ῑκαίτῇςαὲνΙῇςέκριίτανν,
999 4148 1038 4155 -
1071 4111 1120 4195 τὴν
1144 4109 1178 4171 a&
1202 4110 1282 4171 faihu

106 4220 163 4306 ανχ
186 4219 271 4292 εἷλον,
296 4217 360 4282 οὖν’
385 4218 456 4280 ἄλλα
473 4220 645 4306 murdpciper
668 4219 768 4292 αὐταῖς
789 4217 876 4280 οὐδὲν
900 4217 941 4279 α’νν
961 4218 1046 4281 ἕνεκα
1070 4218 1279 4302 ἐστράτευσαν,

107 4325 171 4388 αλλ’
195 4328 300 4414 αἶπεχώ
322 4349 396 4412 ησαν
421 4327 503 4387 πάλιν
524 4322 657 4411 Ὀρέστην
680 4322 799 4412 ἔχοντες
821 4322 976 4410 ἄπρακτοι.
