2962 5010
559 430 734 501 -35-

56 670 73 754 ἦ
112 669 199 744 πόλις,
231 671 345 732 πάντων
375 668 489 754 ἄριστοι
524 671 590 755 περὶ
620 671 698 755 ἡμᾶς
726 669 870 749 ἐγένοντο.
932 668 1144 757 ΙΙαρασχόντες
1173 670 1231 754 γὰρ

57 777 167 840 οἰκείαν
190 780 236 840 καὶ
260 778 343 864 φίλην
372 778 421 863 τὴν
445 778 593 862 σφετέραν
617 778 715 839 αὐτῶν
739 777 818 839 πόλιν
843 777 963 864 ἀζήμιον
993 778 1040 839 καὶ
1063 776 1173 839 (lieno
1198 779 1230 838 nl

51 890 200 968 μετοικεῖν
223 886 376 972 ἀπέφηναν
398 882 518 972 Ἀρχίνῳ
542 885 748 970 θῄναονβνύλῳ
772 889 832 959 τοῖς
854 884 960 959 ἄλλοις,
986 885 1014 947 ol
1037 885 1135 947 rottei
1160 883 1230 947 καθ’

55 992 172 1078 ἡμέραν
195 993 319 1079 ἑκάστῳ
342 993 498 1073 ἐγίγνοντο·
523 991 614 1054 καίτοι
638 995 729 1054 ταῦτα
754 991 968 1054 ariminiadeno
986 995 1136 1066 ποιοῦντες
1158 994 1234 1076 πρὸς

56 1100 300 1183 oluxeaiucpooc'eo
335 1097 455 1186 ᾔδεσαν.
514 1096 611 1163 Haec
646 1104 746 1163 tanta
776 1096 1025 1164 Thebanorum
1061 1096 1243 1165 beneficia·

56 1225 137 1271 eum
174 1226 314 1289 prorsus
351 1205 488 1271 silentio
523 1204 727 1289 Xenophon
767 1206 1016 1290 praeteriisset,
1055 1205 1232 1272 Aristides

56 1312 171 1379 facere
195 1333 264 1378 non
288 1314 401 1396 potuit
426 1314 512 1397 quin
536 1309 644 1378 alium
669 1312 780 1390 adiret
804 1315 1020 1397 scriptorem3
1055 1319 1116 1379 aut
1139 1334 1232 1380 com-

55 1421 275 1485 memorandi
290 1440 329 1486 ea
344 1440 432 1504 quae
445 1420 597 1485 mammo
615 1421 659 1485 ad
674 1440 775 1486 suam
792 1423 999 1488 sententiam
1017 1419 1230 1487 suadendam

58 1529 187 1593 idonea
213 1525 423 1593 videbantur
438 1525 685 1592 Thebanorum
713 1525 770 1592 ille
787 1526 900 1592 fautor
918 1528 1092 1593 dimittere
1110 1526 1233 1594 debuit

57 1635 368 1719 opportunitatem.
432 1632 487 1698 Ex
523 1635 678 1716 antiquis
714 1639 831 1699 autem
869 1636 927 1718 qui
964 1655 1057 1700 nunc
1094 1641 1233 1701 exstant

57 1740 286 1824 scriptoribus
312 1742 483 1826 imprimis
509 1743 606 1823 duo¹)
643 1743 818 1827 copiosius
854 1739 940 1808 haer
965 1747 1064 1809 tanta
1095 1742 1232 1809 illorum

55 1851 95 1915 in
114 1847 349 1914 Athenienses
368 1851 487 1915 merita
504 1855 708 1929 tractarunt,
726 1849 954 1915 Plutarchum
971 1851 1049 1916 dico
1064 1849 1162 1935 (llys.
1177 1849 1233 1928 27>

57 1962 93 2022 et
128 1955 322 2022 Diodorum
361 1955 462 2038 (XIV
497 1956 540 2038 d).
591 1955 744 2036 Quorum
780 1955 873 2024 locos
909 1957 1032 2024 allatos
1069 1960 1105 2023 in
1141 1979 1233 2025 oom-

57 2065 275 2149 porationem
302 2084 405 2130 voca:
432 2084 513 2130 mox
537 2062 673 2131 videbis
696 2065 890 2133 minoribus
908 2065 1150 2152 discrepantiis
1175 2087 1234 2132 ex-

58 2173 171 2255 ceptis
197 2172 282 2236 adeo
307 2192 364 2235 eos
390 2171 479 2236 inter
501 2191 538 2238 se
555 2191 756 2253 congruere
782 2178 821 2238 ut
846 2193 889 2238 ex
906 2175 1025 2240 eodem
1045 2173 1232 2240 verisimile

56 2279 106 2346 sit
130 2283 317 2362 utrumque
341 2277 434 2343 i'onte
459 2277 650 2344 hausisse..
680 2278 798 2363 Atque
814 2277 871 2344 hic
888 2285 939 2346 est
956 2301 1034 2346 mea
1057 2282 1235 2347 sententia

56 2406 153 2452 unns
177 2384 352 2469 Ephorus,
377 2405 419 2450 ex
445 2405 512 2468 quo
538 2390 572 2450 et
595 2389 708 2450 totum
733 2383 802 2452 fere
826 2384 967 2453 Diodori
993 2384 1123 2452 librum
1147 2383 1233 2452 XlV

58 2497 92 2558 et
117 2489 299 2558 Plutarchi
325 2492 417 2557 vitae
439 2490 615 2573 Lysandri
638 2492 731 2558 locos
755 2512 825 2558 non
851 2513 981 2576 paucos
1005 2499 1141 2560 constat
1159 2513 1233 2559 esse

57 2604 228 2684 sumptos.
277 2597 500 2684 Quamquam
517 2600 610 2685 apud
627 2598 859 2666 Plutarchum
872 2599 1086 2684 Argivorum
1103 2600 1232 2686 plebis·

57 2708 166 2772 citum
181 2726 250 2771 non
265 2713 564 2786 commemoratur,
582 2706 643 2772 sed
657 2727 718 2772 suo
733 2709 805 2773 iure
818 2727 935 2774 eorum
948 2710 984 2773 in
997 2706 1234 2774 Athenienses

56 2815 185 2879 merita
220 2814 290 2878 illic
321 2815 561 2898 praetermisit,
598 2833 677 2878 rum
712 2813 803 2879 nihil
828 2812 933 2881 vellet
966 2814 1035 2879 nisi
1063 2812 1233 2897 Lysandri

56 2923 96 2987 in
137 2918 323 2987 Thebanos
363 2919 480 2986 odium
521 2919 704 3005 explicare.
774 2919 956 3005 Ephorum
995 2923 1103 3004 igitur·
1143 2921 1234 2988 dicet

58 3029 239 3113 quispiam
262 3025 412 3093 Aristidi
448 3047 586 3111 quoque
611 3025 735 3093 ducem
760 3025 869 3094 fuisse
894 3033 927 3094 et
951 3034 1138 3117 auctorem,
1174 3030 1232 3114 qui

57 3141 95 3200 et
121 3134 190 3200 alia
214 3139 246 3199 et
270 3133 418 3199 Archini
442 3154 568 3199 nomen
593 3155 705 3218 neque
722 3135 818 3219 apud
834 3133 1066 3201 Plutarchum
1091 3143 1234 3203 exstans

56 3260 174 3325 neque
209 3240 303 3337 apud
337 3239 530 3307 Diodorum
567 3242 595 3306 ei
633 3239 881 3328 suppeditaret.
942 3240 1011 3308 Sed
1045 3263 1098 3309 res
1135 3243 1235 3310 aliter

56 3349 200 3414 videtur
224 3369 260 3413 se
284 3347 420 3413 habere.
468 3347 558 3413 Nam
582 3349 735 3433 primum
765 3349 794 3413 si
819 3349 1014 3415 exstitisset
1041 3351 1077 3415 in
1102 3348 1233 3434 Ephori

56 3455 148 3523 libro
183 3475 312 3521 nomen
350 3453 505 3541 Arrhini,
541 3453 733 3521 Diodorum
770 3457 874 3522 miror
909 3455 1005 3522 nullo
1038 3457 1111 3523 loco
1147 3456 1234 3523 illud

57 3583 297 3631 conservasse.
346 3561 483 3628 Deinde
518 3564 664 3629 maximi
699 3548 766 3629 hoc
791 3563 897 3629 velim
926 3563 1046 3647 duras,
1082 3567 1175 3648 quod
1199 3568 1235 3630 in

54 3670 159 3738 nulla
193 3667 308 3736 adhuc
347 3690 435 3753 quac
472 3672 517 3735 ad
541 3668 725 3736 historiam
757 3672 908 3756 pertinet
935 3693 971 3737 re
995 3670 1169 3738 narranda
1193 3692 1236 3737 ex

55 3776 202 3870 Ephoro
237 3778 413 3843 inveneris
450 3776 610 3843 hausisse
647 3776 852 3844 Aristidem.
910 3777 1092 3845 Plutarchi
1119 3785 1238 3846 autem

29 3888 154 3953 uitas
178 3883 369 3968 permultas
405 3905 484 3951 eum
509 3884 714 3951 adhibuisse
746 3887 831 3952 satis
858 3891 995 3952 tuirstat
1018 3907 1088 3952 non
1112 3907 1235 3972 parum

53 4012 178 4078 saepe.
242 3991 334 4072 Quid
375 3999 557 4076 superest?
620 3991 766 4058 Art-hini
814 4014 940 4059 nomen
989 4014 1031 4060 ex
1078 3992 1236 4061 Platonis

53 4099 257 4169 Meirexeno
293 4120 326 4184 p.
363 4100 428 4166 234
462 4099 493 4165 ll
529 4106 589 4166 aut
626 4121 669 4166 ex
697 4099 849 4166 Isocrate
875 4100 1020 4188 (xviii,
1046 4101 1080 4184 2)
1106 4107 1168 4169 aut
1192 4121 1236 4168 ex

52 4246 275 4258 ,.-.-——-—·

174 4317 196 4398 ¹)
222 4320 325 4377 Paullo
351 4321 468 4378 brevius
505 4321 639 4380 eiusdem
676 4322 716 4378 rei
744 4323 923 4379 orontioneru
953 4322 1025 4380 l'ocit
1049 4321 1186 4380 Dinareh.
1206 4307 1237 4378 in

50 4427 217 4493 Demosth.
241 4427 256 4485 1
281 4431 330 4488 25.

1132 4547 1167 4602 3*
